%% This BibTeX bibliography file was created using BibDesk.
%% http://bibdesk.sourceforge.net/


%% Created for Stefan Waidele at 2015-02-09 00:26:51 +0100 


%% Saved with string encoding Unicode (UTF-8) 



@book{openmp,
	Author = {Simon Hoffmann AND Rainer Lienhart},
	Date-Added = {2015-02-08 23:01:47 +0000},
	Date-Modified = {2015-02-08 23:04:45 +0000},
	Keywords = {Erzeuger-Verbraucher-Enturfsmuster S 111},
	Publisher = {Springer-Verlag},
	Title = {OpenMP: Eine Einf{\"u}hrung in die parallele Programmierung mit C/C++},
	Year = {2008}}

@book{oscon,
	Author = {Abraham Silberschatz AND Peter B. Galvin AND Greg Gagne},
	Date-Added = {2015-02-06 21:44:59 +0000},
	Date-Modified = {2015-02-06 21:56:15 +0000},
	Month = {Dezember},
	Publisher = {{John Wiley \& Sons}},
	Series = {E--Book},
	Title = {Operating System Concepts, 9th Edition},
	Year = {2012}}

@book{learningjava,
	Author = {Patrick Niemeyer AND Daniel Leuck},
	Date-Added = {2015-02-06 20:14:47 +0000},
	Date-Modified = {2015-02-06 21:56:21 +0000},
	Month = {Juni},
	Publisher = {O'Reilly Media, Inc.},
	Series = {E--Book},
	Title = {Learning Java, 4th Edition},
	Year = {2013}}
